<?xml version="1.0" encoding="UTF-8"?><collection xmlns="http://www.loc.gov/MARC21/slim"><record><leader>00448nam--2200145-i-4500</leader><controlfield tag="001">000015553</controlfield><controlfield tag="002">20161230</controlfield><controlfield tag="005">20170206154811</controlfield><controlfield tag="008">060222s1000------------r-----000-0-eng-d</controlfield><datafield ind1=" " ind2=" " tag="100"><subfield code="a">Blanc, B</subfield></datafield><datafield ind1=" " ind2=" " tag="245"><subfield code="a">Guide De L Etancheite. Vol I : 1-ere Partie : Technologie De L Etancheite. 2-eme Partie : Co Ntrole De L Etancheite</subfield></datafield><datafield ind1=" " ind2=" " tag="260"><subfield code="a">Paris</subfield><subfield code="b">Societe Francaise Du Vide</subfield><subfield code="c">1981</subfield></datafield><datafield ind1=" " ind2=" " tag="300"><subfield code="a">139 p</subfield></datafield><datafield ind1=" " ind2=" " tag="700"><subfield code="a">Leclerc, J</subfield></datafield><datafield ind1=" " ind2=" " tag="CAT"><subfield code="a">SYS</subfield><subfield code="c">20170206</subfield><subfield code="h">154811</subfield></datafield></record></collection>